@inproceedings{schmidt2001using,
  title={Using Quaternions for Parametrizing 3-D Rotations in Unconstrained Nonlinear Optimization.},
  author={Schmidt, Jochen and Niemann, Heinrich},
  booktitle={VMV},
  volume={1},
  pages={399--406},
  year={2001}
},

@inproceedings{hornegger1999representation,
  title={Representation issues in the ML estimation of camera motion},
  author={Hornegger, Joachim and Tomasi, Carlo},
  booktitle={Computer Vision, 1999. The Proceedings of the Seventh IEEE International Conference on},
  volume={1},
  pages={640--647},
  year={1999},
  organization={IEEE}
},

@article{basri1999visual,
  title={Visual homing: Surfing on the epipoles},
  author={Basri, Ronen and Rivlin, Ehud and Shimshoni, Ilan},
  journal={International Journal of Computer Vision},
  volume={33},
  number={2},
  pages={117--137},
  year={1999},
  publisher={Springer}
},
@inproceedings{dudek1996vision,
  title={Vision-based robot localization without explicit object models},
  author={Dudek, Gregory and Zhang, Chi},
  booktitle={Robotics and Automation, 1996. Proceedings., 1996 IEEE International Conference on},
  volume={1},
  pages={76--82},
  year={1996},
  organization={IEEE}
},

@article{botterillrefining,
  title={Refining essential matrix estimates from RANSAC},
  author={Botterill, Tom and Mills, Steven and Green, Richard}
},

@article{marquardt1963algorithm,
  title={An algorithm for least-squares estimation of nonlinear parameters},
  author={Marquardt, Donald W},
  journal={Journal of the Society for Industrial \& Applied Mathematics},
  volume={11},
  number={2},
  pages={431--441},
  year={1963},
  publisher={SIAM}
},

@inproceedings{mouragnon2006real,
  title={Real time localization and 3d reconstruction},
  author={Mouragnon, Etienne and Lhuillier, Maxime and Dhome, Michel and Dekeyser, Fabien and Sayd, Patrick},
  booktitle={Computer Vision and Pattern Recognition, 2006 IEEE Computer Society Conference on},
  volume={1},
  pages={363--370},
  year={2006},
  organization={IEEE}
},

@article{nister2004efficient,
  title={An efficient solution to the five-point relative pose problem},
  author={Nist{\'e}r, David},
  journal={Pattern Analysis and Machine Intelligence, IEEE Transactions on},
  volume={26},
  number={6},
  pages={756--770},
  year={2004},
  publisher={IEEE}
},

@inproceedings{tardif2008monocular,
  title={Monocular visual odometry in urban environments using an omnidirectional camera},
  author={Tardif, Jean-Philippe and Pavlidis, Yanis and Daniilidis, Kostas},
  booktitle={Intelligent Robots and Systems, 2008. IROS 2008. IEEE/RSJ International Conference on},
  pages={2531--2538},
  year={2008},
  organization={IEEE}
},

@inproceedings{nister2004visual,
  title={Visual odometry},
  author={Nist{\'e}r, David and Naroditsky, Oleg and Bergen, James},
  booktitle={Computer Vision and Pattern Recognition, 2004. CVPR 2004. Proceedings of the 2004 IEEE Computer Society Conference on},
  volume={1},
  pages={I--652},
  year={2004},
  organization={IEEE}
},

@inproceedings{haralick1991analysis,
  title={Analysis and solutions of the three point perspective pose estimation problem},
  author={Haralick, Robert M and Lee, Chung-nan and Ottenburg, K and N{\"o}lle, Michael},
  booktitle={Computer Vision and Pattern Recognition, 1991. Proceedings CVPR'91., IEEE Computer Society Conference on},
  pages={592--598},
  year={1991},
  organization={IEEE}
},

@inproceedings{howard2008real,
  title={Real-time stereo visual odometry for autonomous ground vehicles},
  author={Howard, Andrew},
  booktitle={Intelligent Robots and Systems, 2008. IROS 2008. IEEE/RSJ International Conference on},
  pages={3946--3952},
  year=2008,
  organization={IEEE}
},

@inproceedings{harris1988combined,
  title={A combined corner and edge detector.},
  author={Harris, Chris and Stephens, Mike},
  booktitle={Alvey vision conference},
  volume={15},
  pages={50},
  year={1988},
  organization={Citeseer}
},

@incollection{rosten2006machine,
  title={Machine learning for high-speed corner detection},
  author={Rosten, Edward and Drummond, Tom},
  booktitle={Computer Vision--ECCV 2006},
  pages={430--443},
  year={2006},
  publisher={Springer}
},

@article{baker2006parameterizing,
  title={Parameterizing homographies},
  author={Baker, Simon and Datta, Ankur and Kanade, Takeo},
  journal={Robotics Institute, Carnegie Mellon University, Tech. Rep},
  year={2006}
},

@article{luong1996fundamental,
  title={The fundamental matrix: Theory, algorithms, and stability analysis},
  author={Luong, Quan-Tuan and Faugeras, Olivier D},
  journal={International journal of computer vision},
  volume=17,
  number=1,
  pages={43--75},
  year=1996,
  publisher={Springer}
},

@article{geiger2013vision,
  title={Vision meets robotics: The KITTI dataset},
  author={Geiger, Andreas and Lenz, Philip and Stiller, Christoph and Urtasun, Raquel},
  journal={The International Journal of Robotics Research},
  pages={0278364913491297},
  year={2013},
  publisher={Sage Publications}
},

@inproceedings{ni2006stereo,
  title={Stereo tracking and three-point/one-point algorithms-a robust approach in visual odometry},
  author={Ni, Karl and Dellaert, Frank},
  booktitle={Image Processing, 2006 IEEE International Conference on},
  pages={2777--2780},
  year={2006},
  organization={IEEE}
}